<?xml version="1.0" encoding="UTF-8"?><collection xmlns="http://www.loc.gov/MARC21/slim"><record><leader>00325nam--2200121-i-4500</leader><controlfield tag="001">000039340</controlfield><controlfield tag="002">20161230</controlfield><controlfield tag="005">20161230201042</controlfield><controlfield tag="008">060222s1000------------r-----000-0-eng-d</controlfield><datafield ind1=" " ind2=" " tag="100"><subfield code="a">Prandtl, Wilhelm</subfield></datafield><datafield ind1=" " ind2=" " tag="245"><subfield code="a">Wellenlangen von spektren in angstrom und e-einheiten</subfield></datafield><datafield ind1=" " ind2=" " tag="260"><subfield code="a">Munchen, R. Oldenbourg, 1951, 163p</subfield></datafield><datafield ind1=" " ind2=" " tag="852"><subfield code="a">13519</subfield></datafield></record></collection>